
@inproceedings{samy:adaptive:2017,
  author = {V. Samy, S. Caron, K. Bouyarmane and A. Kheddar},
  booktitle = {IEEE-RAS 17th International Conference on Humanoid Robots (Humanoids)},
  title = {Post-Impact Adaptive Compliance for Humanoid Falls Using Predictive Control of a Reduced Model},
  year = {2017},
  note = {Accepted},
  month={Nov}
}

@inproceedings{samy:falls:2015,
  author = {V. Samy and A. Kheddar},
  booktitle = {2015 IEEE-RAS 15th International Conference on Humanoid Robots (Humanoids)},
  title = {Falls control using posture reshaping and active compliance},
  year = {2015},
  volume = {},
  number = {},
  pages = {908-913},
  keywords = {PD control;closed loop systems;humanoid robots;HRP-4 humanoid robot;active compliance;closed-loop posture reshaping;falling phase;humanoid fall control strategy;humanoid fall problem;impact absorption;instant PD gain reduction;predefined taxonomy;Elbow;Force;Kinematics;Legged locomotion;Shoulder;Taxonomy},
  doi = {10.1109/HUMANOIDS.2015.7363469},
  ISSN = {},
  month = {Nov}
}

@inproceedings{samy:QP-based:2017,
  author = {V. Samy and K. Bouyarmane and A. Kheddar},
  booktitle = {2017 IEEE International Conference on Robotics and Automation (ICRA)},
  title = {QP-based adaptive-gains compliance control in humanoid falls},
  year = {2017},
  volume = {},
  number = {},
  pages = {4762-4767},
  keywords = {PD control;collision avoidance;compliance control;damping;elasticity;humanoid robots;impact (mechanical);mechanical contact;quadratic programming;robot dynamics;torque;QP-based adaptive-gain compliance control;cluttered obstacles;contact forces;damage risks;damping gains;decision variables;decoupled strategy;full-dynamics simulator;geometrical reasoning;humanoid falling;humanoid robot HRP-4;impact dynamics;impact points;impact-singularities;joint accelerations;joint proportional-derivative gains;post-impact dynamics;post-impact stage;pre-impact stage;quadratic program controller;robot compliant;stiffness gains;surrounding environment;Damping;Green products;Humanoid robots;Robot kinematics;Torque;Trajectory},
  doi = {10.1109/ICRA.2017.7989553},
  ISSN = {},
  month = {May}
}

@inproceedings{samy:active:2018,
  author = {V. Samy and K. Bouyarmane and A. Kheddar},
  title = {Active shock absorber control in humanoid robot falls with nonlinear optimization on a reduced dynamics model},
  booktitle = {2018 IEEE International Conference on Robotics and Automation (ICRA)},
  year = {2018},
  note = {Submitted},
  month = {may}
}
